%mendly
@Book{3,
 title = {Development of Safe and Secure Control Software for Autonomous Mobile
Robots, Mobile Robots - Control Architectures, Bio-Interfacing, Navigation, Multi Robot Motion Planning and
Operator Training},
 publisher = {InTech},
 year = {2011},
 author = {Jerzy A. Barchanski},
 ALTeditor = {Dr. Janusz Bȩdkowski},
 OPTisbn = {978-953-307-842-7},
}

@misc{2,
 author = {H. Voos},
 title = {Online Risk Assessment for Safe Auto-
nomous Mobile Robots - A Perspective},
   year = {2013},
   institution = {Mobile Robotics Lab, University of Applied Sciences
Ravensburg-Weingarten, Germany},
}
@book{1,
    author  = {Michael R. Lyu},
    title   = {Handbook of Software Reliability Engineering},
    publisher = {IEEE Computer Society Press and McGraw-Hill Book Company},
    year    = {2005},
}
@TechReport{4,
 author = {Carpe Noctem},
 title = {teamsheet RoboCup},
 institution = {Fachgebiet Verteilte Systeme},
 year = {2013},
}
@misc{5,
   author = "Wikipedia",
   title = "physikalische Größen",
   year = "2013",
   url = "http://de.wikipedia.org/wiki/Liste_physikalischer_Gr%C3%B6%C3%9Fen",
   note = "[Online; Stand 7. März 2013]"
}
@misc{6,
   author = "Wikipedia",
   title = "Skalierbarkeit",
   year = "2013",
   url = "http://de.wikipedia.org/wiki/Liste_physikalischer_Gr%C3%B6%C3%9Fen",
   note = "[Online; Stand 5. Februar 2013]"
}

@book{7,
  author    = {Stuart J. Russell and
               Peter Norvig},
  title     = {Artificial Intelligence - A Modern Approach (3. internat.
               ed.)},
  publisher = {Pearson Education},
  year      = {2010},
  isbn      = {978-0-13-207148-2},
}

@Manual{8,
 title = {Dokumentation Monitoringboard},
 OPTauthor = {Christian Schaub},
 OPTorganization = {Fachgebiet Verteilte Systeme},
 OPTmonth = {März},
 OPTyear = {2013},
}












  Handbook of Software Reliability Engineering, IEEE Computer Society Press and McGraw-Hill Book Company.